@article{ART12e,
  author  = {Shen Lin and Brian W. Kernighan},
  title   = {An Effective Heuristic Algorithm for the Travelling-Salesman Problem},
  journal = {Operations Research},
  volume = {Vol. 8(2)},
  month = {June},
  year    = {2012},
  language = {english}
}

@article{ART12d,
  author  = {Shen Lin and Brian W. Kernighan},
  title   = {An Effective Heuristic Algorithm for the Travelling-Salesman Problem},
  journal = {Operations Research},
  volume = {Vol. 8(2)},
  month = {June},
  year    = {2012},
  language = {ngerman}
}

@inbook{Thapa_Parycek,
author = {Thapa, Basanta and Parycek, Peter},
year = {2018},
month = {06},
pages = {40-75},
title = {Data Analytics in Politik und Verwaltung},
isbn = {978-3-9818892-5-3},
language = {ngerman}
}

@inbook{Mergel,
author = {Mergel, Ines},
year = {2018},
month = {06},
pages = {76-96},
title = {Big Data und Data-Science-Ansätze in der öffentlichen Verwaltung},
isbn = {978-3-9818892-5-3},
language = {ngerman}
}
